@misc{laplas,
    author =       "Mikhail Belkin{,} Partha Niyogi",
    title =        "Laplacian Eigenmaps for Dimensionality Reduction and Data Representation",
    year =         "2003",
    howpublished = "\url{https://www2.imm.dtu.dk/projects/manifold/Papers/Laplacian.pdf}"
}

@misc{orig,
    title =        "Improved Autoregressive Modeling with Distribution Smoothing",
    year =         "2021",
    howpublished = "\url{https://openreview.net/pdf?id=rJA5Pz7lHKb}"
}

@misc{autoreg,
    author =       "Tim Salimans{,} Andrej Karpathy{,} Xi Chen{,} and Diederik P Kingma",
    title =        "Pixelcnn++: Improving the pixelcnn with discretized logistic mixture likelihood and other modifications",
    year =         "2017",
    howpublished = "\url{arXiv:1701.05517}"
}

@misc{single_step,
    author =       "Saeed Saremi{,} Arash Mehrjou{,} Bernhard Sch ̈olkop{,} and Aapo Hyv ̈arinen",
    title =        "Deep energy estimatornetworks",
    year =         "2018",
    howpublished = "\url{arXiv:1805.08306}"
}

@misc{MADE,
    author =       "Mathieu Germain{,} Karol Gregor{,} Iain Murray{,} and Hugo Larochelleen",
    title =        "Made: Masked autoencoder fordistribution estimation",
    year =         "2015",
    howpublished = "InInternational Conference on Machine Learning, pp. 881–889"
}

@misc{nvp,
    author =       "Laurent Dinh{,} Jascha Sohl-Dickstein{,} and Samy Bengio",
    title =        "Density estimation using real nvp",
    year =         "2016",
    howpublished = "\url{arXiv:1605.08803}"
}

@misc{pixel,
    author =       "A ̈aron van den Oord{, }Nal Kalchbrennern{,} and Koray Kavukcuoglu",
    title =        "Pixel Recurrent Neural Networks",
    year =         "2016",
    howpublished = "\url{https://arxiv.org/pdf/1601.06759.pdf}"
}

@misc{conpixel,
    author =       "A ̈aron van den Oord{, }Nal Kalchbrennern{,} Koray Kavukcuoglu and others",
    title =        "Conditional Image Generation with PixelCNN Decoders",
    year =         "2016",
    howpublished = "\url{https://arxiv.org/pdf/1606.05328.pdf}"
}

@misc{pixelplus,
    author =       "Tim Salimansn{,} Andrej Karpathyn{,} Xi Chenn{,} Diederik P. Kingmas",
    title =        "PixelCNN++: Improving the PixelCNN with Discretized Logistic Mixture Likelihood and Other Modifications",
    year =         "2017",
    howpublished = "\url{https://arxiv.org/pdf/1701.05517.pdf}"
}
